<collection>
    <!-- Non geospatial record -->
    <record>
        <leader>01288nam 2200349K 4500</leader>
        <controlfield tag="005">20231210212752.0</controlfield>
        <controlfield tag="008">910304s1990 xx a b 000 0 eng d</controlfield>
        <controlfield tag="001">990004672550106761</controlfield>
        <datafield tag="035" ind1=" " ind2=" ">
            <subfield code="a">(MCM)000467255</subfield>
        </datafield>
        <datafield tag="035" ind1=" " ind2=" ">
            <subfield code="a">(MCM)000467255MIT01</subfield>
        </datafield>
        <datafield tag="035" ind1=" " ind2=" ">
            <subfield code="a">(OCoLC)23183280</subfield>
        </datafield>
        <datafield tag="040" ind1=" " ind2=" ">
            <subfield code="a">MYG</subfield>
            <subfield code="c">MYG</subfield>
        </datafield>
        <datafield tag="049" ind1=" " ind2=" ">
            <subfield code="a">MYGT [Eng]</subfield>
            <subfield code="a">[Micro-] [fiche] MYGE</subfield>
        </datafield>
        <datafield tag="099" ind1=" " ind2=" ">
            <subfield code="a">Thesis M.E. 1990 B.S.</subfield>
            <subfield code="a">Thesis M.E. 1990 B.S. Mfch</subfield>
        </datafield>
        <datafield tag="099" ind1=" " ind2=" ">
            <subfield code="a">Thesis</subfield>
            <subfield code="a">M.E.</subfield>
            <subfield code="a">1990</subfield>
            <subfield code="a">B.S.</subfield>
        </datafield>
        <datafield tag="100" ind1="1" ind2=" ">
            <subfield code="a">Vega, Hyun-Ju.</subfield>
        </datafield>
        <datafield tag="245" ind1="1" ind2="0">
            <subfield code="a">Acoustic emission signals from the sliding interface of two
                metals /
            </subfield>
            <subfield code="c">by Hyun-Ju Vega.</subfield>
        </datafield>
        <datafield tag="260" ind1=" " ind2=" ">
            <subfield code="c">c1990.</subfield>
        </datafield>
        <datafield tag="300" ind1=" " ind2=" ">
            <subfield code="a">64 leaves :</subfield>
            <subfield code="b">ill. ;</subfield>
            <subfield code="c">29 cm.</subfield>
        </datafield>
        <datafield tag="336" ind1=" " ind2=" ">
            <subfield code="a">text</subfield>
            <subfield code="b">txt</subfield>
            <subfield code="2">rdacontent</subfield>
        </datafield>
        <datafield tag="337" ind1=" " ind2=" ">
            <subfield code="a">unmediated</subfield>
            <subfield code="b">n</subfield>
            <subfield code="2">rdamedia</subfield>
        </datafield>
        <datafield tag="338" ind1=" " ind2=" ">
            <subfield code="a">volume</subfield>
            <subfield code="b">nc</subfield>
            <subfield code="2">rdacarrier</subfield>
        </datafield>
        <datafield tag="502" ind1=" " ind2=" ">
            <subfield code="b">B.S.</subfield>
            <subfield code="c">Massachusetts Institute of Technology, Department of
                Mechanical Engineering
            </subfield>
            <subfield code="d">1990</subfield>
        </datafield>
        <datafield tag="504" ind1=" " ind2=" ">
            <subfield code="a">Includes bibliographical references (leaf 64).</subfield>
        </datafield>
        <datafield tag="599" ind1=" " ind2=" ">
            <subfield code="a">GRSN 467255</subfield>
        </datafield>
        <datafield tag="710" ind1="2" ind2=" ">
            <subfield code="a">Massachusetts Institute of Technology.</subfield>
            <subfield code="b">Department of Mechanical Engineering.</subfield>
        </datafield>
        <datafield tag="910" ind1=" " ind2=" ">
            <subfield code="a">ajf</subfield>
        </datafield>
        <datafield tag="910" ind1=" " ind2=" ">
            <subfield code="a">MARCIVEAUT</subfield>
        </datafield>
        <datafield tag="949" ind1=" " ind2=" ">
            <subfield code="a">MYTT</subfield>
            <subfield code="b">39080006707506</subfield>
            <subfield code="a">[Micro-] [fiche] MYTT</subfield>
            <subfield code="b">39080006713165</subfield>
            <subfield code="a">[Micro-] [fiche] MYTE</subfield>
            <subfield code="b">39080006712894</subfield>
        </datafield>
        <datafield tag="961" ind1=" " ind2=" ">
            <subfield code="a">1990</subfield>
            <subfield code="a">xx</subfield>
        </datafield>
        <datafield tag="969" ind1=" " ind2=" ">
            <subfield code="a">23183280</subfield>
        </datafield>
        <datafield tag="992" ind1="0" ind2="0">
            <subfield code="a">Supervised by Ming-Kai Tse.</subfield>
        </datafield>
        <datafield tag="900" ind1="8" ind2=" ">
            <subfield code="b">ENG</subfield>
            <subfield code="d">MFORM</subfield>
            <subfield code="f">Thesis M.E. 1990 B.S.</subfield>
            <subfield code="8">22522574790006761</subfield>
        </datafield>
        <datafield tag="900" ind1="8" ind2=" ">
            <subfield code="b">ARC</subfield>
            <subfield code="d">NOLN1</subfield>
            <subfield code="f">Thesis M.E. 1990 B.S.</subfield>
            <subfield code="8">22522574770006761</subfield>
        </datafield>
        <datafield tag="900" ind1="8" ind2=" ">
            <subfield code="b">ARC</subfield>
            <subfield code="d">NOLN3</subfield>
            <subfield code="f">Thesis M.E. 1990 B.S.</subfield>
            <subfield code="8">22522574810006761</subfield>
        </datafield>
        <datafield tag="985" ind1=" " ind2=" ">
            <subfield code="j">8</subfield>
            <subfield code="aa">MFORM</subfield>
            <subfield code="t">BOOK</subfield>
            <subfield code="s">39080006712894</subfield>
            <subfield code="a">23522574780006761</subfield>
            <subfield code="c">12</subfield>
            <subfield code="bb">THESIS Thesis M.E. 1990 B.S.</subfield>
            <subfield code="i">ENG</subfield>
        </datafield>
        <datafield tag="985" ind1=" " ind2=" ">
            <subfield code="j">8</subfield>
            <subfield code="aa">NOLN1</subfield>
            <subfield code="t">BOOK</subfield>
            <subfield code="s">39080006713165</subfield>
            <subfield code="a">23522574760006761</subfield>
            <subfield code="c">02</subfield>
            <subfield code="bb">THESIS Thesis M.E. 1990 B.S.</subfield>
            <subfield code="i">ARC</subfield>
        </datafield>
        <datafield tag="985" ind1=" " ind2=" ">
            <subfield code="j">8</subfield>
            <subfield code="aa">NOLN3</subfield>
            <subfield code="t">BOOK</subfield>
            <subfield code="s">39080006707506</subfield>
            <subfield code="a">23522574800006761</subfield>
            <subfield code="c">02</subfield>
            <subfield code="bb">THESIS Thesis M.E. 1990 B.S.</subfield>
            <subfield code="i">ARC</subfield>
        </datafield>
    </record>